@misc{BCorg,
    title = {Breast Cancer Facts and Statistics},
    journal = {Breastcancer.org},
    year = {18 January 2023},
    howpublished = {\url{https://www.breastcancer.org/facts-statistics}},
    note = {Accessed: 23 July 2023}
}

@article{MINNOOR2023429,
title = {Diagnosis of Breast Cancer Using Random Forests},
journal = {Procedia Computer Science},
volume = {218},
pages = {429-437},
year = {2023},
note = {International Conference on Machine Learning and Data Engineering},
issn = {1877-0509},
doi = {https://doi.org/10.1016/j.procs.2023.01.025},
url = {https://www.sciencedirect.com/science/article/pii/S187705092300025X},
author = {Manas Minnoor and Veeky Baths}
}

@article{NAJI2021487,
title = {Machine Learning Algorithms For Breast Cancer Prediction And Diagnosis},
journal = {Procedia Computer Science},
volume = {191},
pages = {487-492},
year = {2021},
note = {The 18th International Conference on Mobile Systems and Pervasive Computing (MobiSPC), The 16th International Conference on Future Networks and Communications (FNC), The 11th International Conference on Sustainable Energy Information Technology},
issn = {1877-0509},
doi = {https://doi.org/10.1016/j.procs.2021.07.062},
url = {https://www.sciencedirect.com/science/article/pii/S1877050921014629},
author = {Mohammed Amine Naji and Sanaa El Filali and Kawtar Aarika and EL Habib Benlahmar and Rachida Ait Abdelouhahid and Olivier Debauche}
}
